@Book{ArmstrongVW93,
  author       = {Joe Armstrong and Robert Virding and Mike Williams},
  title	       = {Concurrent programming in {ERLANG}},
  year	       = 1993,
  publisher    = {Prentice Hall},
  isbn	       = {978-0-13-285792-5},
  timestamp    = {Fri, 29 Apr 2011 18:24:05 +0200},
  biburl       = {https://dblp.org/rec/bib/books/daglib/0073501},
  bibsource    = {dblp computer science bibliography,
                  https://dblp.org}
}