

@misc{cilium,
  title        = "{Cilium}",
  howpublished = "\url{https://cilium.io/}"
}

@misc{istio,
  title        = "{Istio}",
  howpublished = "\url{https://istio.io/}"
}

@misc{envoy,
  title        = "{Envoy}",
  howpublished = "\url{https://www.envoyproxy.io/}"
}

@misc{kubernetes,
  title        = "{Kubernetes}",
  howpublished = "\url{https://kubernetes.io/}"
}

@misc{aws-ecs,
  title        = "{AWS Elastic Container Service}",
  howpublished = "\url{https://aws.amazon.com/ecs/}"
}

@misc{aws-cloudformation,
  title        = "{AWS CloudFormation}",
  howpublished = "\url{https://aws.amazon.com/cloudformation/}"
}

@misc{azure-aks,
  title        = "{Azure Kubernetes Sevice}",
  howpublished = "\url{https://azure.microsoft.com/en-gb/services/kubernetes-service/}"
}

@misc{calico,
  title        = "{Project Calico}",
  howpublished = "\url{https://www.projectcalico.org/}"
}

@misc{flannel,
  title        = "{Flannel}",
  howpublished = "\url{https://github.com/coreos/flannel/}"
}

@misc{PSA,
  title = "{ARM Platform Secure Architecture}",
  howpublished = "\url{https://www.arm.com/why-arm/architecture/platform-security-architecture}"
}

@book{GilmanB17,
 author = {Gilman, Evan and Barth, Doug},
 title = {Zero Trust Networks: Building Secure Systems in Untrusted Networks},
 year = {2017},
 isbn = {1491962194, 9781491962190},
 edition = {1st},
 publisher = {O'Reilly Media, Inc.},
} 

@misc{VSFTP,
  title = "{VSFTP Security Design}",
  howpublished = "\url{https://security.appspot.com/vsftpd/DESIGN.txt}"
}

@article{Wing99,
author = {Wing, Jeannette},
year = {1999},
month = {02},
pages = {},
title = {A Symbiotic Relationship Between Formal Methods and Security}
}