
@misc{cilium,
  title        = "{Cilium}",
  howpublished = "\url{https://cilium.io/}"
}

@misc{istio,
  title        = "{Istio}",
  howpublished = "\url{https://istio.io/}"
}

@misc{envoy,
  title        = "{Envoy}",
  howpublished = "\url{https://www.envoyproxy.io/}"
}

@misc{kubernetes,
  title        = "{Kubernetes}",
  howpublished = "\url{https://kubernetes.io/}"
}

@misc{aws-ecs,
  title        = "{AWS Eliastic Container Service}",
  howpublished = "\url{https://aws.amazon.com/ecs/}"
}

@misc{aws-cloudformation,
  title        = "{AWS CloudFormation}",
  howpublished = "\url{https://aws.amazon.com/cloudformation/}"
}

@misc{azure-aks,
  title        = "{Azure Kubernetes Sevice}",
  howpublished = "\url{https://azure.microsoft.com/en-gb/services/kubernetes-service/}"
}

@misc{calico,
  title        = "{Project Calico}",
  howpublished = "\url{https://www.projectcalico.org/}"
}

@misc{flannel,
  title        = "{Flannel}",
  howpublished = "\url{https://github.com/coreos/flannel/}"
}

